<?xml version="1.0" encoding="UTF-8"?>
<collection xmlns:xsi="http://www.w3.org/2001/XMLSchema-instance" xsi:schemaLocation="http://www.loc.gov/MARC21/slim http://www.loc.gov/standards/marcxml/schema/MARC21slim.xsd" xmlns="http://www.loc.gov/MARC21/slim">
<record>
  <leader>00869nam a2200253 a 4500</leader>
  <controlfield tag="001">3068430</controlfield>
  <controlfield tag="003">NNC</controlfield>
  <controlfield tag="005">20030429142358.0</controlfield>
  <controlfield tag="008">910620s1899    ua            000 0 araod</controlfield>
  <datafield tag="035" ind1=" " ind2=" ">
    <subfield code="a">(OCoLC)ocm23961307</subfield>
  </datafield>
  <datafield tag="035" ind1=" " ind2=" ">
    <subfield code="9">ATP0886CU</subfield>
  </datafield>
  <datafield tag="040" ind1=" " ind2=" ">
    <subfield code="a">CLE</subfield>
    <subfield code="c">CLE</subfield>
    <subfield code="d">ZCU</subfield>
  </datafield>
  <datafield tag="043" ind1=" " ind2=" ">
    <subfield code="a">ma-----</subfield>
  </datafield>
  <datafield tag="099" ind1=" " ind2=" ">
    <subfield code="a">893.712</subfield>
    <subfield code="a">H225</subfield>
  </datafield>
  <datafield tag="100" ind1="1" ind2=" ">
    <subfield code="a">Ḥarīrī, Sayyid ʻAlī.</subfield>
  </datafield>
  <datafield tag="240" ind1="1" ind2="0">
    <subfield code="a">Akhbār al-sanīyah fī al-Ḥurūb al-Ṣalībīyah</subfield>
  </datafield>
  <datafield tag="245" ind1="1" ind2="0">
    <subfield code="a">Kitāb al-akhbār al-sanīyah fī al-Ḥurūb al-Ṣalībīyah /</subfield>
    <subfield code="c">taʾlīf Sayyid ʻAlī al-Ḥarīrī.</subfield>
  </datafield>
  <datafield tag="250" ind1=" " ind2=" ">
    <subfield code="a">al-Ṭabʻah 1.</subfield>
  </datafield>
  <datafield tag="260" ind1=" " ind2=" ">
    <subfield code="a">Miṣr [Cairo] :</subfield>
    <subfield code="b">al-Maṭbaʻah al-ʻUmūmīyah,</subfield>
    <subfield code="c">1317 [1899]</subfield>
  </datafield>
  <datafield tag="300" ind1=" " ind2=" ">
    <subfield code="a">293 p. ;</subfield>
    <subfield code="c">23 cm.</subfield>
  </datafield>
  <datafield tag="650" ind1=" " ind2="0">
    <subfield code="a">Crusades.</subfield>
  </datafield>
  <datafield tag="651" ind1=" " ind2="0">
    <subfield code="a">Islamic Empire</subfield>
    <subfield code="x">History</subfield>
    <subfield code="y">750-1258.</subfield>
  </datafield>
  <datafield tag="740" ind1="0" ind2="1">
    <subfield code="a">Akhbār al-sanīyah fī al-Ḥurūb al-Ṣalībīyah.</subfield>
  </datafield>
  <datafield tag="955" ind1=" " ind2=" ">
    <subfield code="b">CU07841515</subfield>
    <subfield code="d">off,glx</subfield>
    <subfield code="e">893.712 H225</subfield>
  </datafield>
</record>
</collection>